<?xml version = "1.0" encoding = "UTF-8"?><OAI-PMH xmlns="http://www.openarchives.org/OAI/2.0/" xmlns:xsi="http://www.w3.org/2001/XMLSchema-instance" xsi:schemaLocation="http://www.openarchives.org/OAI/2.0/ http://www.openarchives.org/OAI/2.0/OAI-PMH.xsd"><ListRecords><record><header><identifier>aleph-publish:020434666</identifier></header><metadata><record xmlns="http://www.ddb.de/professionell/mabxml/mabxml-1.xsd"><leader>------M2.01200024------h</leader><controlfield tag="LDR">------M2.01200024------h</controlfield><controlfield tag="FMT">MH</controlfield><datafield tag="001" ind1="-" ind2="1"><subfield code="a">HT018305016</subfield></datafield><datafield tag="002" ind1="a" ind2="1"><subfield code="a">20140625</subfield></datafield><datafield tag="003" ind1="-" ind2="1"><subfield code="a">20220531121600.0</subfield></datafield><datafield tag="025" ind1="o" ind2="1"><subfield code="a">1106803399</subfield></datafield><datafield tag="026" ind1="-" ind2="1"><subfield code="a">HBZHT018305016</subfield></datafield><controlfield tag="030">a|1uc||||||37</controlfield><datafield tag="036" ind1="a" ind2="1"><subfield code="a">DXDE</subfield></datafield><datafield tag="037" ind1="b" ind2="1"><subfield code="a">ger</subfield></datafield><controlfield tag="050">a|||||||||||||</controlfield><controlfield tag="051">s|||||||</controlfield><datafield tag="070" ind1="-" ind2="1"><subfield code="a">61</subfield></datafield><datafield tag="070" ind1="b" ind2="1"><subfield code="a">61</subfield></datafield><datafield tag="078" ind1="b" ind2="1"><subfield code="a">Theaterzettel</subfield></datafield><datafield tag="080" ind1="-" ind2="1"><subfield code="a">60</subfield></datafield><datafield tag="100" ind1="b" ind2="1"><subfield code="p">Shaw, Bernard</subfield><subfield code="d">1856-1950</subfield><subfield code="b">[Textverf.]</subfield><subfield code="9">(DE-588)118642375</subfield></datafield><datafield tag="101" ind1="-" ind2="1"><subfield code="p">Shaw, George Bernard</subfield><subfield code="d">1856-1950</subfield></datafield><datafield tag="101" ind1="-" ind2="1"><subfield code="p">Shaw, Bernd</subfield><subfield code="d">1856-1950</subfield></datafield><datafield tag="101" ind1="-" ind2="1"><subfield code="p">Shaw, George B.</subfield><subfield code="d">1856-1950</subfield></datafield><datafield tag="101" ind1="-" ind2="1"><subfield code="p">Shaw, G. Bernard</subfield><subfield code="d">1856-1950</subfield></datafield><datafield tag="101" ind1="-" ind2="1"><subfield code="p">Shaw, G. B.</subfield><subfield code="d">1856-1950</subfield></datafield><datafield tag="101" ind1="-" ind2="1"><subfield code="p">Corno di Bassetto</subfield><subfield code="d">1856-1950</subfield></datafield><datafield tag="101" ind1="-" ind2="1"><subfield code="p">Bassetto, Corno &lt;&lt;di&gt;&gt;</subfield><subfield code="d">1856-1950</subfield></datafield><datafield tag="101" ind1="-" ind2="1"><subfield code="p">DiBassetto, Corno</subfield><subfield code="d">1856-1950</subfield></datafield><datafield tag="101" ind1="-" ind2="1"><subfield code="p">Šou, ǅorǆBernard</subfield><subfield code="d">1856-1950</subfield></datafield><datafield tag="101" ind1="-" ind2="1"><subfield code="p">Sou, Mpernarnt</subfield><subfield code="d">1856-1950</subfield></datafield><datafield tag="101" ind1="-" ind2="1"><subfield code="p">Shō, Bānādo</subfield><subfield code="d">1856-1950</subfield></datafield><datafield tag="101" ind1="-" ind2="1"><subfield code="p">Šau, Ǧūrǧ Barnārd</subfield><subfield code="d">1856-1950</subfield></datafield><datafield tag="101" ind1="-" ind2="1"><subfield code="p">Xiaobona</subfield><subfield code="d">1856-1950</subfield></datafield><datafield tag="101" ind1="-" ind2="1"><subfield code="p">Šaw, Geʾorge Bernard</subfield><subfield code="d">1856-1950</subfield></datafield><datafield tag="101" ind1="-" ind2="1"><subfield code="p">Shaw, Bernhard</subfield><subfield code="d">1856-1950</subfield></datafield><datafield tag="101" ind1="-" ind2="1"><subfield code="p">Šou, Bernard</subfield><subfield code="d">1856-1950</subfield></datafield><datafield tag="101" ind1="-" ind2="1"><subfield code="p">Di Bassetto, Corno</subfield><subfield code="d">1856-1950</subfield></datafield><datafield tag="101" ind1="-" ind2="1"><subfield code="U">Hans</subfield><subfield code="p">萧伯纳</subfield><subfield code="d">1856-1950</subfield></datafield><datafield tag="104" ind1="b" ind2="1"><subfield code="p">Trebitsch, Siegfried</subfield><subfield code="d">1869-1956</subfield><subfield code="b">[Übers.]</subfield><subfield code="9">(DE-588)118840150</subfield></datafield><datafield tag="108" ind1="b" ind2="1"><subfield code="p">Lindemann, Gustav</subfield><subfield code="d">1872-1960</subfield><subfield code="b">[Regie]</subfield><subfield code="9">(DE-588)118728377</subfield></datafield><datafield tag="112" ind1="b" ind2="1"><subfield code="p">Pilartz, Theodor Caspar</subfield><subfield code="d">1887-1955</subfield><subfield code="b">[Bühnenbild]</subfield><subfield code="9">(DE-588)143088149</subfield></datafield><datafield tag="113" ind1="-" ind2="1"><subfield code="p">Pilartz, Caspar</subfield><subfield code="d">1887-1955</subfield></datafield><datafield tag="113" ind1="-" ind2="1"><subfield code="p">Pilartz, Th. C.</subfield><subfield code="d">1887-1955</subfield></datafield><datafield tag="113" ind1="-" ind2="1"><subfield code="p">Pilartz, Kaspar</subfield><subfield code="d">1887-1955</subfield></datafield><datafield tag="113" ind1="-" ind2="1"><subfield code="p">Pilartz, Theodor Kaspar</subfield><subfield code="d">1887-1955</subfield></datafield><datafield tag="113" ind1="-" ind2="1"><subfield code="p">Pilartz, Theodor C.</subfield><subfield code="d">1887-1955</subfield></datafield><datafield tag="113" ind1="-" ind2="1"><subfield code="p">Pilartz, Teodor Caspar</subfield><subfield code="d">1887-1955</subfield></datafield><datafield tag="116" ind1="b" ind2="1"><subfield code="p">Sturm, Eduard</subfield><subfield code="d">1888-1952</subfield><subfield code="b">[Bühnenbild]</subfield><subfield code="9">(DE-588)117363782</subfield></datafield><datafield tag="120" ind1="b" ind2="1"><subfield code="p">Schewior, Hilde</subfield><subfield code="d">1896-1955</subfield><subfield code="b">[Darst.]</subfield><subfield code="9">(DE-588)117225665</subfield></datafield><datafield tag="124" ind1="b" ind2="1"><subfield code="p">Gross, Oscar</subfield><subfield code="b">[Darst.]</subfield><subfield code="9">(DE-588)116869224</subfield></datafield><datafield tag="125" ind1="-" ind2="1"><subfield code="p">Gross, Oskar</subfield></datafield><datafield tag="128" ind1="b" ind2="1"><subfield code="p">Bergmann, Hellmuth</subfield><subfield code="d">1899-</subfield><subfield code="b">[Darst.]</subfield><subfield code="9">(DE-588)1053234562</subfield></datafield><datafield tag="132" ind1="b" ind2="1"><subfield code="p">Greid, Hermann</subfield><subfield code="d">1892-1975</subfield><subfield code="b">[Darst.]</subfield><subfield code="9">(DE-588)116830263</subfield></datafield><datafield tag="133" ind1="-" ind2="1"><subfield code="p">Greid, Herman</subfield><subfield code="d">1892-1975</subfield></datafield><datafield tag="133" ind1="-" ind2="1"><subfield code="p">Dirk, Hans</subfield><subfield code="d">1892-1975</subfield></datafield><datafield tag="133" ind1="-" ind2="1"><subfield code="p">Wiener</subfield><subfield code="d">1892-1975</subfield></datafield><datafield tag="133" ind1="-" ind2="1"><subfield code="p">Grabscheid, Markus</subfield><subfield code="d">1892-1975</subfield></datafield><datafield tag="133" ind1="-" ind2="1"><subfield code="p">Greich, Hermann</subfield><subfield code="d">1892-1975</subfield></datafield><datafield tag="136" ind1="b" ind2="1"><subfield code="p">Weber, August</subfield><subfield code="d">1874-1941</subfield><subfield code="b">[Darst.]</subfield><subfield code="9">(DE-588)1023919451</subfield></datafield><datafield tag="137" ind1="-" ind2="1"><subfield code="p">Weber, Aug.</subfield><subfield code="d">1874-1941</subfield></datafield><datafield tag="140" ind1="b" ind2="1"><subfield code="p">Neumann, Walter</subfield><subfield code="b">[Darst.]</subfield><subfield code="9">(DE-588)1050479661</subfield></datafield><datafield tag="144" ind1="b" ind2="1"><subfield code="p">Thormann, Erich</subfield><subfield code="d">1899-1989</subfield><subfield code="b">[Darst.]</subfield><subfield code="9">(DE-588)105334208X</subfield></datafield><datafield tag="148" ind1="b" ind2="1"><subfield code="p">Rosenthal, Friedrich</subfield><subfield code="d">1885-1942</subfield><subfield code="b">[Darst.]</subfield><subfield code="9">(DE-588)116625651</subfield></datafield><datafield tag="149" ind1="-" ind2="1"><subfield code="p">Rosenthal, Jacques</subfield><subfield code="d">1885-1942</subfield></datafield><datafield tag="152" ind1="b" ind2="1"><subfield code="p">Daehn, Kurt</subfield><subfield code="b">[Darst.]</subfield><subfield code="9">(DE-588)1053235399</subfield></datafield><datafield tag="156" ind1="b" ind2="1"><subfield code="p">Neubauer, Margarete</subfield><subfield code="b">[Darst.]</subfield><subfield code="9">(DE-588)105334340X</subfield></datafield><datafield tag="160" ind1="b" ind2="1"><subfield code="p">Reiff, Fritz</subfield><subfield code="d">1888-1953</subfield><subfield code="b">[Darst.]</subfield><subfield code="9">(DE-588)116403772</subfield></datafield><datafield tag="164" ind1="b" ind2="1"><subfield code="p">Esser, Peter</subfield><subfield code="d">1886-1970</subfield><subfield code="b">[Darst.]</subfield><subfield code="9">(DE-588)116584149</subfield></datafield><datafield tag="168" ind1="b" ind2="1"><subfield code="p">Flatow, Harry</subfield><subfield code="b">[Darst.]</subfield><subfield code="9">(DE-588)1053235313</subfield></datafield><datafield tag="172" ind1="b" ind2="1"><subfield code="p">Sinn, Jacob</subfield><subfield code="d">1895-1967</subfield><subfield code="b">[Darst.]</subfield><subfield code="9">(DE-588)105334080X</subfield></datafield><datafield tag="173" ind1="-" ind2="1"><subfield code="p">Sinn, Jakob</subfield><subfield code="d">1895-1967</subfield></datafield><datafield tag="176" ind1="b" ind2="1"><subfield code="p">Jess, Adolf</subfield><subfield code="b">[Darst.]</subfield><subfield code="9">(DE-588)1053340893</subfield></datafield><datafield tag="177" ind1="-" ind2="1"><subfield code="p">Jeß, Adolf</subfield></datafield><datafield tag="180" ind1="b" ind2="1"><subfield code="p">Bach, Rudolf</subfield><subfield code="d">1901-1957</subfield><subfield code="b">[Darst.]</subfield><subfield code="9">(DE-588)116025271</subfield></datafield><datafield tag="184" ind1="b" ind2="1"><subfield code="p">Helwig, Paul</subfield><subfield code="d">1893-1963</subfield><subfield code="b">[Darst.]</subfield><subfield code="9">(DE-588)116693223</subfield></datafield><datafield tag="185" ind1="-" ind2="1"><subfield code="p">Helwig, Paul Julius Adolf</subfield><subfield code="d">1893-1963</subfield></datafield><datafield tag="188" ind1="b" ind2="1"><subfield code="p">Weimar, Richard</subfield><subfield code="b">[Darst.]</subfield><subfield code="9">(DE-588)1053350198</subfield></datafield><datafield tag="192" ind1="b" ind2="1"><subfield code="p">Lichtenauer, Adolf</subfield><subfield code="b">[Bühnenbild]</subfield><subfield code="9">(DE-588)1053380348</subfield></datafield><datafield tag="196" ind1="b" ind2="1"><subfield code="p">Preuschhoff, Hans</subfield><subfield code="b">[Bühnenbild]</subfield><subfield code="9">(DE-588)1053380259</subfield></datafield><datafield tag="200" ind1="b" ind2="1"><subfield code="k">Schauspielhaus Düsseldorf</subfield><subfield code="9">(DE-588)2009323-8</subfield></datafield><datafield tag="201" ind1="-" ind2="1"><subfield code="k">Düsseldorfer Schauspielhaus</subfield><subfield code="h">Schauspielhaus Düsseldorf</subfield></datafield><datafield tag="201" ind1="-" ind2="1"><subfield code="k">Schauspielhaus</subfield><subfield code="h">Düsseldorf, Schauspielhaus Düsseldorf</subfield></datafield><datafield tag="201" ind1="-" ind2="1"><subfield code="k">Deutsches Theater am Rhein</subfield></datafield><datafield tag="304" ind1="-" ind2="1"><subfield code="a">Saint Joan</subfield></datafield><datafield tag="331" ind1="-" ind2="1"><subfield code="a">&lt;&lt;Die&gt;&gt; heilige Johanna</subfield></datafield><datafield tag="335" ind1="-" ind2="1"><subfield code="a">Sonnabend, den 31. Januar ; Sonntag, den 1. Februar ; abends 7 Uhr ; Dramatische Chronik in 6 Scenen und einem Epilog</subfield></datafield><datafield tag="359" ind1="-" ind2="1"><subfield code="a">von Bernard Shaw. Deutsch von Siegfried Trebitsch. Regie: Gustav Lindemann, Bühnenbilder: C. T. Pilartz und Eduard Sturm. Personen des Stückes: Hilde Schewior, Oskar Groß, Hellmuth Bergmann, Hermann Greid, August Weber, Walter Neumann, Erich Thormann, Friedrich Rosenthal, Kurt Daehn, Margarete Neubauer, Fritz Reiff, Peter Esser, Harry Flatow, Jakob Sinn, Adolf Jeß, Rudolf Bach, Paul Helwig, Richard Weimar, ... Beleuchtungsinspektion: Adolf Lichtenauer, Bühneninspektion: Hans Preuschoff</subfield></datafield><datafield tag="410" ind1="-" ind2="1"><subfield code="a">Düsseldorf</subfield></datafield><datafield tag="425" ind1="a" ind2="1"><subfield code="a">1925</subfield></datafield><datafield tag="433" ind1="-" ind2="1"><subfield code="a">1 Plakat : 46 x 27 cm</subfield></datafield><datafield tag="451" ind1="-" ind2="1"><subfield code="a">Schauspielhaus Düsseldorf ; 1925,01,31</subfield></datafield><datafield tag="453" ind1="-" ind2="1"><subfield code="a">HT016533311</subfield></datafield><datafield tag="455" ind1="-" ind2="1"><subfield code="a">1925,01,31</subfield></datafield><datafield tag="456" ind1="-" ind2="1"><subfield code="a">1925,01,31</subfield></datafield><datafield tag="461" ind1="-" ind2="1"><subfield code="a">Schauspielhaus Düsseldorf ; 1925,02,01</subfield></datafield><datafield tag="463" ind1="-" ind2="1"><subfield code="a">HT016533311</subfield></datafield><datafield tag="465" ind1="-" ind2="1"><subfield code="a">1925,02,01</subfield></datafield><datafield tag="466" ind1="-" ind2="1"><subfield code="a">1925,02,01</subfield></datafield><datafield tag="516" ind1="-" ind2="1"><subfield code="a">In Fraktur</subfield></datafield><datafield tag="674" ind1="-" ind2="1"><subfield code="a">1925-01-31</subfield></datafield><datafield tag="674" ind1="-" ind2="1"><subfield code="a">1925-02-01</subfield></datafield><controlfield tag="SYS">020434666</controlfield><datafield tag="088" ind1=" " ind2=" "><subfield code="a">61</subfield><subfield code="b">00S</subfield><subfield code="c">KW760(2):1924/25</subfield><subfield code="e">Praesenzbestand</subfield></datafield></record></metadata></record></ListRecords></OAI-PMH>